<record><leader>00000cas a22000007a 4500</leader><controlfield tag="001">15682967</controlfield><controlfield tag="008">870513d18191820njuwr ne      0    0eng d</controlfield><datafield ind1=" " ind2=" " tag="010"><subfield code="a">sn 87068054 </subfield></datafield><datafield ind1=" " ind2=" " tag="040"><subfield code="a">NJW</subfield><subfield code="b">eng</subfield><subfield code="c">NJW</subfield><subfield code="d">NYS</subfield><subfield code="d">NVK</subfield><subfield code="d">OCL</subfield><subfield code="d">OCLCQ</subfield><subfield code="d">OCLCF</subfield><subfield code="d">OCLCO</subfield></datafield><datafield ind1="1" ind2=" " tag="029"><subfield code="a">AU@</subfield><subfield code="b">000020129154</subfield></datafield><datafield ind1=" " ind2=" " tag="042"><subfield code="a">msc</subfield></datafield><datafield ind1=" " ind2=" " tag="043"><subfield code="a">n-us-nj</subfield></datafield><datafield ind1="0" ind2=" " tag="130"><subfield code="a">Columbian herald (Woodbury, N.J.)</subfield></datafield><datafield ind1="1" ind2="0" tag="245"><subfield code="a">Columbian herald.</subfield></datafield><datafield ind1=" " ind2=" " tag="260"><subfield code="a">Woodbury, N.J. :</subfield><subfield code="b">Philip J. Gray,</subfield><subfield code="c">1819-1820.</subfield></datafield><datafield ind1=" " ind2=" " tag="300"><subfield code="a">v.</subfield></datafield><datafield ind1=" " ind2=" " tag="310"><subfield code="a">Weekly</subfield></datafield><datafield ind1="0" ind2=" " tag="362"><subfield code="a">Vol. 1, no. 1 (Sept. 23, 1819)-v. 2, no. 65 (Dec. 13, 1820).</subfield></datafield><datafield ind1=" " ind2=" " tag="530"><subfield code="a">Available on microfilm from Bell &amp; Howell.</subfield></datafield><datafield ind1=" " ind2="0" tag="651"><subfield code="a">Woodbury (N.J.)</subfield><subfield code="v">Newspapers.</subfield></datafield><datafield ind1=" " ind2="7" tag="655"><subfield code="a">Newspapers.</subfield><subfield code="2">fast</subfield><subfield code="0">(OCoLC)fst01423814</subfield></datafield><datafield ind1=" " ind2="7" tag="651"><subfield code="a">New Jersey</subfield><subfield code="z">Woodbury.</subfield><subfield code="2">fast</subfield><subfield code="0">(OCoLC)fst01209337</subfield></datafield><datafield ind1=" " ind2=" " tag="752"><subfield code="a">United States</subfield><subfield code="b">New Jersey</subfield><subfield code="c">Gloucester</subfield><subfield code="d">Woodbury.</subfield></datafield><datafield ind1="0" ind2="7" tag="785"><subfield code="t">Gloucester farmer</subfield><subfield code="w">(DLC)sn 85025191</subfield><subfield code="w">(OCoLC)11600647</subfield></datafield><datafield ind1="0" ind2="7" tag="785"><subfield code="t">Herald &amp; Gloucester farmer</subfield><subfield code="w">(DLC)sn 92061783</subfield></datafield></record>